%%%%%%%%%%%%%%%%%%%%%%%%%%%%%%%%%%%%%
%% Master Thesis - Computer Engineering
%% Copyright 2009 Ricardo Alexandre Fiorelli, Erick Poletto
%% This document is distributed by the terms of the license
%% included in the file LICENCE.
%%%%%%%%%%%%%%%%%%%%%%%%%%%%%%%%%%%%%

%%%%%%%%%%%%%%%%%%%%%%%%%%%%%%%%%%%%%
%% Bibliography
%%%%%%%%%%%%%%%%%%%%%%%%%%%%%%%%%%%%%
% TODO

% importante, toda vez que for adicionar um objeto aqui, visualizar exemplos na internet sobre os campos e possiveis tipos de entrada
% colocar a url comentada em cima do artigo encontrado

% url: 
@book{bryman89,
author      = {Alan Bryman},
title       = {{Research Methods and Organization Studies}},
publisher   = {Routledge},
year        = {1989},
ISBN        = {0415084040}}

% url: http://books.google.com/books?id=-z-7iNWKkgsC&dq=blade+vs+rack&lr=&source=gbs_navlinks_s
@book{barbAnne07,
author      = {Barb Goldworm},
author      = {Anne Skamarock},
title       = {{Blade Servers and Virtualization}},
publisher   = {Wiley-India},
year        = {2007},
ISBN        = {8126512156, 9788126512157}}

% url: http://www.articlesbase.com/web-hosting-articles/what-else-do-you-know-about-blade-servers-480814.html
@techreport{Rehn08,
author      = {Rodrigo Rehn},
title       = {What Else Do You Know About Blade Servers},
school      = {HospedagemLocal},
year        = {2008}}

% url: http://www.articlesbase.com/business-articles/what-are-the-difference-between-servers-887184.html
@techreport{Bailey09,
author      = {Bailey},
title       = {What are the difference between servers?},
school      = {XENON},
year        = {2009}}

% url: http://www.networkworld.com/reviews/2007/061107-server-test.html
@article{Hendenson07,
author      = {Tom Henderson},
author      = {Rand Dvorak},
title       = {Blade servers vs. Rack servers},
journal     = {NetworkWorld},
year        = {2007}}












